
@incollection{sahleDigitalEdition2016,
author = {Patrick Sahle},
editor = {Matthew J. Driscoll and Elena Pierazzo},
title = {What is a Scholarly Digital Edition?},
booktitle = {Digital Scholarly Editing: Theories and Practices},
year = {2016},
address = {Cambridge},
publisher = {Open Book Publisher},
url = {https://books.openedition.org/obp/3381},
pages = {19--39}
}

@incollection{sahleArchiv2007,
author = {Patrick Sahle},
editor = {Michael Stolz},
title = {Digitales Archiv und Digitale Edition. Anmerkungen zur Begriffsklärung},
booktitle = {Literatur und Literaturwissenschaft auf dem Weg zu den neuen Medien},
year = {2007},
address = {Zürich},
pages = {64--84}
}


@book{macroanalysis,
author = {Matthew L. Jockers},
title = {Macroanalysis. Digital Methods and Literary History},
address = {Chicago},
year = {2013},
}

@book{distantreading,
author = {Franco Moretti},
title = {Distant Reading},
address = {London},
year = {2013},
}

@book{graphsmoretti,
author = {Franco Moretti},
title = {Graphs, Maps, Trees. Abstract Models for a Literary History},
address = {London},
year = {2005},
}